@article{Navigli:2009:WSD:1459352.1459355,
 author = {Navigli, Roberto},
 title = {Word Sense Disambiguation: A Survey},
 journal = {ACM Comput. Surv.},
 issue_date = {February 2009},
 volume = {41},
 number = {2},
 month = feb,
 year = {2009},
 issn = {0360-0300},
 pages = {10:1--10:69},
 articleno = {10},
 numpages = {69},
 url = {http://doi.acm.org/10.1145/1459352.1459355},
 doi = {10.1145/1459352.1459355},
 acmid = {1459355},
 publisher = {ACM},
 address = {New York, NY, USA},
 keywords = {WSD, Word sense disambiguation, lexical ambiguity, lexical semantics, semantic annotation, sense annotation, word sense discrimination},
}